%! Author = chrystal
%! Date = 25.11.19

